[gd_scene load_steps=4 format=2]

[ext_resource path="res://GuiStepBuy.gd" type="Script" id=1]
[ext_resource path="res://SelectionScrollContainer.gd" type="Script" id=2]
[ext_resource path="res://TouchScrollContainer.gd" type="Script" id=3]

[node name="GuiStepBuy" type="MarginContainer"]
anchor_right = 1.0
anchor_bottom = 1.0
size_flags_horizontal = 3
size_flags_vertical = 3
script = ExtResource( 1 )

[node name="ContainerSelect" type="VBoxContainer" parent="."]
margin_right = 1024.0
margin_bottom = 600.0
size_flags_horizontal = 3
size_flags_vertical = 3
alignment = 1

[node name="HBoxContainer" type="HBoxContainer" parent="ContainerSelect"]
margin_right = 1024.0
margin_bottom = 546.0
size_flags_horizontal = 3
size_flags_vertical = 3

[node name="Buyers" type="ScrollContainer" parent="ContainerSelect/HBoxContainer"]
margin_right = 510.0
margin_bottom = 546.0
size_flags_horizontal = 3
size_flags_vertical = 3
scroll_horizontal_enabled = false
script = ExtResource( 2 )

[node name="ContainerBuyers" type="VBoxContainer" parent="ContainerSelect/HBoxContainer/Buyers"]
margin_right = 510.0
margin_bottom = 546.0
size_flags_horizontal = 3
size_flags_vertical = 3

[node name="Providers" type="ScrollContainer" parent="ContainerSelect/HBoxContainer"]
margin_left = 514.0
margin_right = 1024.0
margin_bottom = 546.0
size_flags_horizontal = 3
size_flags_vertical = 3
script = ExtResource( 2 )

[node name="ContainerProviders" type="VBoxContainer" parent="ContainerSelect/HBoxContainer/Providers"]
margin_right = 510.0
margin_bottom = 546.0
size_flags_horizontal = 3
size_flags_vertical = 3

[node name="ButtonCall" type="Button" parent="ContainerSelect"]
margin_top = 550.0
margin_right = 1024.0
margin_bottom = 600.0
rect_min_size = Vector2( 0, 50 )
size_flags_vertical = 4
disabled = true
text = "Call provider"

[node name="ContainerBuy" type="VBoxContainer" parent="."]
editor/display_folded = true
visible = false
margin_right = 1024.0
margin_bottom = 600.0

[node name="Label" type="Label" parent="ContainerBuy"]
margin_right = 1004.0
margin_bottom = 14.0
text = "supercouco"

[node name="ScrollContainer" type="ScrollContainer" parent="ContainerBuy"]
margin_top = 18.0
margin_right = 1004.0
margin_bottom = 526.0
size_flags_vertical = 3
scroll_horizontal_enabled = false
script = ExtResource( 3 )

[node name="AvailableParts" type="GridContainer" parent="ContainerBuy/ScrollContainer"]
margin_right = 1004.0
margin_bottom = 508.0
size_flags_horizontal = 3
size_flags_vertical = 3
columns = 2

[node name="ButtonEndCall" type="Button" parent="ContainerBuy"]
margin_top = 530.0
margin_right = 1004.0
margin_bottom = 580.0
rect_min_size = Vector2( 0, 50 )
size_flags_vertical = 4
text = "End call"

[connection signal="selection_changed" from="ContainerSelect/HBoxContainer/Buyers" to="." method="_on_selection_changed"]
[connection signal="selection_changed" from="ContainerSelect/HBoxContainer/Providers" to="." method="_on_selection_changed"]
[connection signal="pressed" from="ContainerSelect/ButtonCall" to="." method="_on_ButtonCall_pressed"]
[connection signal="pressed" from="ContainerBuy/ButtonEndCall" to="." method="_on_ButtonEndCall_pressed"]
