[gd_scene load_steps=3 format=2]

[ext_resource path="res://Main.gd" type="Script" id=1]
[ext_resource path="res://WelcomeScreen.tscn" type="PackedScene" id=2]

[node name="Main" type="Control"]
anchor_right = 1.0
anchor_bottom = 1.0
script = ExtResource( 1 )

[node name="WelcomeScreen" parent="." instance=ExtResource( 2 )]
margin_top = 99.0
margin_bottom = -101.0

[node name="GuiCompanyDetails" type="MarginContainer" parent="."]
editor/display_folded = true
visible = false
anchor_right = 1.0
anchor_bottom = 1.0

[node name="CenterContainer" type="CenterContainer" parent="GuiCompanyDetails"]
margin_right = 1024.0
margin_bottom = 600.0

[node name="VBoxContainer" type="VBoxContainer" parent="GuiCompanyDetails/CenterContainer"]
margin_left = 493.0
margin_top = 246.0
margin_right = 531.0
margin_bottom = 354.0

[node name="GridContainer" type="GridContainer" parent="GuiCompanyDetails/CenterContainer/VBoxContainer"]
margin_right = 344.0
margin_bottom = 104.0
columns = 3

[node name="LabelManagerFirstName" type="Label" parent="GuiCompanyDetails/CenterContainer/VBoxContainer/GridContainer"]
margin_top = 18.0
margin_right = 72.0
margin_bottom = 32.0
text = "First name:"

[node name="LineEditManagerFirstName" type="LineEdit" parent="GuiCompanyDetails/CenterContainer/VBoxContainer/GridContainer"]
margin_left = 76.0
margin_right = 276.0
margin_bottom = 50.0
rect_min_size = Vector2( 200, 0 )

[node name="ButtonRandomFirstName" type="Button" parent="GuiCompanyDetails/CenterContainer/VBoxContainer/GridContainer"]
margin_left = 280.0
margin_right = 344.0
margin_bottom = 50.0
rect_min_size = Vector2( 0, 50 )
text = "Random"

[node name="LabelManagerLastName" type="Label" parent="GuiCompanyDetails/CenterContainer/VBoxContainer/GridContainer"]
margin_top = 72.0
margin_right = 72.0
margin_bottom = 86.0
text = "Last name:"

[node name="LineEditManagerLastName" type="LineEdit" parent="GuiCompanyDetails/CenterContainer/VBoxContainer/GridContainer"]
margin_left = 76.0
margin_top = 54.0
margin_right = 276.0
margin_bottom = 104.0
rect_min_size = Vector2( 200, 0 )

[node name="ButtonRandomLastName" type="Button" parent="GuiCompanyDetails/CenterContainer/VBoxContainer/GridContainer"]
margin_left = 280.0
margin_top = 54.0
margin_right = 344.0
margin_bottom = 104.0
rect_min_size = Vector2( 0, 50 )
text = "Random"

[node name="Control" type="Control" parent="GuiCompanyDetails/CenterContainer/VBoxContainer"]
margin_top = 108.0
margin_right = 344.0
margin_bottom = 158.0
rect_min_size = Vector2( 0, 50 )

[node name="ButtonGo" type="Button" parent="GuiCompanyDetails/CenterContainer/VBoxContainer"]
margin_top = 162.0
margin_right = 344.0
margin_bottom = 212.0
rect_min_size = Vector2( 0, 50 )
text = "Go !"

[connection signal="load_game" from="WelcomeScreen" to="." method="_on_WelcomeScreen_load_game"]
[connection signal="new_game" from="WelcomeScreen" to="." method="_on_WelcomeScreen_new_game"]
[connection signal="pressed" from="GuiCompanyDetails/CenterContainer/VBoxContainer/GridContainer/ButtonRandomFirstName" to="." method="_on_ButtonRandomFirstName_pressed"]
[connection signal="pressed" from="GuiCompanyDetails/CenterContainer/VBoxContainer/GridContainer/ButtonRandomLastName" to="." method="_on_ButtonRandomLastName_pressed"]
[connection signal="pressed" from="GuiCompanyDetails/CenterContainer/VBoxContainer/ButtonGo" to="." method="_on_ButtonGo_pressed"]
